%References

@manual{Pablo2018,
  title        = {{Guía de Informes de Laboratorio}},
  author       = {Pablo Alvaro Moya}, 
  organization = {Instituto Tecnológico de Costa Rica},
  address      = {Costa Rica},
  year         = 2018,
  url = {http://www.ie.tec.ac.cr/palvarado/LabCE/lce_guia_informe.pdf}
}
